<?xml version="1.0" encoding="UTF-8"?><collection xmlns="http://www.loc.gov/MARC21/slim"><record><leader>00420nam--2200145-i-4500</leader><controlfield tag="001">000005282</controlfield><controlfield tag="002">20161230</controlfield><controlfield tag="005">20170114000311</controlfield><controlfield tag="008">060222s1000------------r-----000-0-eng-d</controlfield><datafield ind1=" " ind2=" " tag="245"><subfield code="a">Bibliographie der deutschen hochschulschriften zur chemie. Bearbeitet von S. Gunter</subfield></datafield><datafield ind1=" " ind2=" " tag="260"><subfield code="a">Leipzig</subfield><subfield code="b">Veb Verlag Fur Buchwesen</subfield><subfield code="c">1961</subfield></datafield><datafield ind1=" " ind2=" " tag="300"><subfield code="a">VIII + 83 p</subfield></datafield><datafield ind1=" " ind2=" " tag="700"><subfield code="a">Gunter, S</subfield></datafield><datafield ind1=" " ind2=" " tag="852"><subfield code="a">D.1100</subfield></datafield><datafield ind1=" " ind2=" " tag="CAT"><subfield code="a">SYS</subfield><subfield code="c">20170114</subfield><subfield code="h">000311</subfield></datafield></record></collection>